<record><leader>00000cas a22000007a 4500</leader><controlfield tag="001">10933323</controlfield><controlfield tag="008">840710d18681874iauwr ne      0    0eng d</controlfield><controlfield tag="009">3781</controlfield><datafield ind1=" " ind2=" " tag="010"><subfield code="a">sn 84027167 </subfield></datafield><datafield ind1=" " ind2=" " tag="040"><subfield code="a">NPU</subfield><subfield code="b">eng</subfield><subfield code="c">NPU</subfield><subfield code="d">NPX</subfield><subfield code="d">INP</subfield><subfield code="d">OCLCQ</subfield></datafield><datafield ind1=" " ind2=" " tag="042"><subfield code="a">msc</subfield></datafield><datafield ind1="0" ind2="0" tag="245"><subfield code="a">Indianola journal.</subfield></datafield><datafield ind1=" " ind2=" " tag="260"><subfield code="a">Indianola, Iowa :</subfield><subfield code="b">E.W. Brady,</subfield><subfield code="c">1868-1874.</subfield></datafield><datafield ind1=" " ind2=" " tag="300"><subfield code="a">7 v.</subfield></datafield><datafield ind1=" " ind2=" " tag="310"><subfield code="a">Weekly</subfield></datafield><datafield ind1="0" ind2=" " tag="362"><subfield code="a">Vol. 9, no. 38 (June 4, 1868)-v. 15, no. 30 (Mar. 26, 1874).</subfield></datafield><datafield ind1=" " ind2=" " tag="500"><subfield code="a">Publisher varies.</subfield></datafield><datafield ind1=" " ind2=" " tag="752"><subfield code="a">United States</subfield><subfield code="b">Iowa</subfield><subfield code="c">Warren</subfield><subfield code="d">Indianola.</subfield></datafield><datafield ind1="0" ind2="0" tag="780"><subfield code="t">Weekly visitor (Indianola, Iowa)</subfield><subfield code="w">(DLC)sn 87057667</subfield></datafield><datafield ind1="0" ind2="0" tag="785"><subfield code="t">Weekly Indianola herald</subfield><subfield code="w">(DLC)sn 84038201</subfield></datafield></record>